@misc{dawson2005solovaykitaev,
      title={The Solovay-Kitaev algorithm}, 
      author={Christopher M. Dawson and Michael A. Nielsen},
      year={2005},
      eprint={quant-ph/0505030},
      archivePrefix={arXiv},
      primaryClass={quant-ph}
}

@article{Khatri2019quantumassisted,
  doi = {10.22331/q-2019-05-13-140},
  url = {https://doi.org/10.22331/q-2019-05-13-140},
  title = {Quantum-assisted quantum compiling},
  author = {Khatri, Sumeet and LaRose, Ryan and Poremba, Alexander and Cincio, Lukasz and Sornborger, Andrew T. and Coles, Patrick J.},
  journal = {{Quantum}},
  issn = {2521-327X},
  publisher = {{Verein zur F{\"{o}}rderung des Open Access Publizierens in den Quantenwissenschaften}},
  volume = {3},
  pages = {140},
  month = may,
  year = {2019}
}

@article{QCRL,
   title={Quantum compiling by deep reinforcement learning},
   volume={4},
   ISSN={2399-3650},
   url={http://dx.doi.org/10.1038/s42005-021-00684-3},
   DOI={10.1038/s42005-021-00684-3},
   number={1},
   journal={Communications Physics},
   publisher={Springer Science and Business Media LLC},
   author={Moro, Lorenzo and Paris, Matteo G. A. and Restelli, Marcello and Prati, Enrico},
   year={2021},
   month={Aug} }
   
@article{HRC,
   title={Efficient discrete approximations of quantum gates},
   volume={43},
   ISSN={1089-7658},
   url={http://dx.doi.org/10.1063/1.1495899},
   DOI={10.1063/1.1495899},
   number={9},
   journal={Journal of Mathematical Physics},
   publisher={AIP Publishing},
   author={Harrow, Aram W. and Recht, Benjamin and Chuang, Isaac L.},
   year={2002},
   month={Sep},
   pages={4445–4451} }
   
@article{AGF,
   title={A simple formula for the average gate fidelity of a quantum dynamical operation},
   volume={303},
   ISSN={0375-9601},
   url={http://dx.doi.org/10.1016/S0375-9601(02)01272-0},
   DOI={10.1016/s0375-9601(02)01272-0},
   number={4},
   journal={Physics Letters A},
   publisher={Elsevier BV},
   author={Nielsen, Michael A},
   year={2002},
   month={Oct},
   pages={249–252} }
  
@ARTICLE{Goussev:2012,
AUTHOR = {Goussev, A.  and Jalabert, R. A. and Pastawski, H. M. and Wisniacki, D. Ariel},
TITLE   = {{L}oschmidt echo},
YEAR    = {2012},
JOURNAL = {Scholarpedia},
VOLUME  = {7},
NUMBER  = {8},
PAGES   = {11687},
DOI     = {10.4249/scholarpedia.11687},
NOTE    = {revision \#127578}
}

@inproceedings{Curriculum,
author = {Bengio, Y. and Louradour, Jérôme and Collobert, Ronan and Weston, Jason},
year = {2009},
month = {01},
pages = {6},
title = {Curriculum learning},
volume = {60},
journal = {Journal of the American Podiatry Association},
doi = {10.1145/1553374.1553380}
}


