@article{greenwade93,
    author  = "George D. Greenwade",
    title   = "The {C}omprehensive {T}ex {A}rchive {N}etwork ({CTAN})",
    year    = "1993",
    journal = "TUGBoat",
    volume  = "14",
    number  = "3",
    pages   = "342--351"
}

@article{QuantumComp,
   title={Quantum compiling by deep reinforcement learning},
   volume={4},
   ISSN={2399-3650},
   url={http://dx.doi.org/10.1038/s42005-021-00684-3},
   DOI={10.1038/s42005-021-00684-3},
   number={1},
   journal={Communications Physics},
   publisher={Springer Science and Business Media LLC},
   author={Moro, Lorenzo and Paris, Matteo G. A. and Restelli, Marcello and Prati, Enrico},
   year={2021},
   month={Aug}
}

@article{DQSRL,
   title={Reinforcement Learning for Digital Quantum Simulation},
   volume={127},
   ISSN={1079-7114},
   url={http://dx.doi.org/10.1103/PhysRevLett.127.110502},
   DOI={10.1103/physrevlett.127.110502},
   number={11},
   journal={Physical Review Letters},
   publisher={American Physical Society (APS)},
   author={Bolens, Adrien and Heyl, Markus},
   year={2021},
   month={Sep}
}

@misc{j2020quantum,
      title={Quantum Algorithm Implementations for Beginners}, 
      author={Abhijith J. and Adetokunbo Adedoyin and John Ambrosiano and Petr Anisimov and Andreas BÃ¤rtschi and William Casper and Gopinath Chennupati and Carleton Coffrin and Hristo Djidjev and David Gunter and Satish Karra and Nathan Lemons and Shizeng Lin and Alexander Malyzhenkov and David Mascarenas and Susan Mniszewski and Balu Nadiga and Daniel O'Malley and Diane Oyen and Scott Pakin and Lakshman Prasad and Randy Roberts and Phillip Romero and Nandakishore Santhi and Nikolai Sinitsyn and Pieter J. Swart and James G. Wendelberger and Boram Yoon and Richard Zamora and Wei Zhu and Stephan Eidenbenz and Patrick J. Coles and Marc Vuffray and Andrey Y. Lokhov},
      year={2020},
      eprint={1804.03719},
      archivePrefix={arXiv},
      primaryClass={cs.ET}
}

@misc{xiong2018parametrized,
      title={Parametrized Deep Q-Networks Learning: Reinforcement Learning with Discrete-Continuous Hybrid Action Space}, 
      author={Jiechao Xiong and Qing Wang and Zhuoran Yang and Peng Sun and Lei Han and Yang Zheng and Haobo Fu and Tong Zhang and Ji Liu and Han Liu},
      year={2018},
      eprint={1810.06394},
      archivePrefix={arXiv},
      primaryClass={cs.LG}
}

@misc{andrychowicz2018hindsight,
      title={Hindsight Experience Replay}, 
      author={Marcin Andrychowicz and Filip Wolski and Alex Ray and Jonas Schneider and Rachel Fong and Peter Welinder and Bob McGrew and Josh Tobin and Pieter Abbeel and Wojciech Zaremba},
      year={2018},
      eprint={1707.01495},
      archivePrefix={arXiv},
      primaryClass={cs.LG}
}

@misc{sack2022avoiding,
      title={Avoiding barren plateaus using classical shadows}, 
      author={Stefan H. Sack and Raimel A. Medina and Alexios A. Michailidis and Richard Kueng and Maksym Serbyn},
      year={2022},
      eprint={2201.08194},
      archivePrefix={arXiv},
      primaryClass={quant-ph}
}

